<?xml version="1.0" encoding="UTF-8"?>
<collection xmlns:xsi="http://www.w3.org/2001/XMLSchema-instance" xsi:schemaLocation="http://www.loc.gov/MARC21/slim http://www.loc.gov/standards/marcxml/schema/MARC21slim.xsd" xmlns="http://www.loc.gov/MARC21/slim">
<record>
  <leader>01786cam a22003371  4500</leader>
  <controlfield tag="001">2979676</controlfield>
  <controlfield tag="003">NNC</controlfield>
  <controlfield tag="005">20150817132339.0</controlfield>
  <controlfield tag="008">900702s1970    iq h     b    000 0 ara  </controlfield>
  <datafield tag="010" ind1=" " ind2=" ">
    <subfield code="a">   74962704 /NE</subfield>
  </datafield>
  <datafield tag="035" ind1=" " ind2=" ">
    <subfield code="a">(OCoLC)21954230</subfield>
  </datafield>
  <datafield tag="035" ind1=" " ind2=" ">
    <subfield code="a">(OCoLC)ocm21954230</subfield>
  </datafield>
  <datafield tag="035" ind1=" " ind2=" ">
    <subfield code="9">ASM6748CU</subfield>
  </datafield>
  <datafield tag="035" ind1=" " ind2=" ">
    <subfield code="a">(NNC)2979676</subfield>
  </datafield>
  <datafield tag="040" ind1=" " ind2=" ">
    <subfield code="a">DLC</subfield>
    <subfield code="c">WAU</subfield>
    <subfield code="d">CGU</subfield>
    <subfield code="d">CStRLIN</subfield>
    <subfield code="d">CtY</subfield>
  </datafield>
  <datafield tag="050" ind1="0" ind2=" ">
    <subfield code="a">PJ6171</subfield>
    <subfield code="b">.Z3 1970</subfield>
  </datafield>
  <datafield tag="066" ind1=" " ind2=" ">
    <subfield code="c">(3</subfield>
  </datafield>
  <datafield tag="100" ind1="1" ind2=" ">
    <subfield code="6">880-01</subfield>
    <subfield code="a">Zamakhsharī, Maḥmūd ibn ʻUmar,</subfield>
    <subfield code="d">1075-1144.</subfield>
  </datafield>
  <datafield tag="245" ind1="1" ind2="3">
    <subfield code="6">880-02</subfield>
    <subfield code="a">al-Qisṭās al-mustaqīm fī ʻilm al-ʻurūḍ,</subfield>
    <subfield code="c">taʾlīf Jār Allāh Abī al-Qāsim Maḥmūd ibn ʻUmar ibn Muḥammad ibn ʻUmar al-Khawārzamī al-Zamakhsharī. Ḥaqqaqathu wa-ʻallaqat ḥawāshihi Bahījah Bāqir al-Ḥasanī. Qaddama lahu Kamāl Ibrāhīm wa-Ṣafāʾ Khulūṣī.</subfield>
  </datafield>
  <datafield tag="260" ind1=" " ind2=" ">
    <subfield code="6">880-03</subfield>
    <subfield code="a">Baghdād,</subfield>
    <subfield code="b">Maktabat al-Andalus</subfield>
    <subfield code="c">1969 [i.e. 1970]</subfield>
  </datafield>
  <datafield tag="300" ind1=" " ind2=" ">
    <subfield code="a">318 p.</subfield>
    <subfield code="b">facsims.</subfield>
    <subfield code="c">25 cm.</subfield>
  </datafield>
  <datafield tag="500" ind1=" " ind2=" ">
    <subfield code="a">Cover title: al-Kistas al-mustakim fī ʾilm al-ʾarud, by Djar Allah al-Zamakhshari.</subfield>
  </datafield>
  <datafield tag="504" ind1=" " ind2=" ">
    <subfield code="a">Bibliography: p. 273-279.</subfield>
  </datafield>
  <datafield tag="650" ind1=" " ind2="0">
    <subfield code="a">Arabic language</subfield>
    <subfield code="x">Versification.</subfield>
  </datafield>
  <datafield tag="700" ind1="1" ind2=" ">
    <subfield code="6">880-04</subfield>
    <subfield code="a">Ḥasanī, Bahījah.</subfield>
  </datafield>
  <datafield tag="880" ind1="1" ind2=" ">
    <subfield code="6">100-01/(3/r</subfield>
    <subfield code="a">زمخشري، محمود بن عمر,</subfield>
    <subfield code="d">1075-1144.</subfield>
  </datafield>
  <datafield tag="880" ind1="1" ind2="2">
    <subfield code="6">245-02/(3/r</subfield>
    <subfield code="a">القسطاس المستقيم في علم العروض،</subfield>
    <subfield code="c">تأليف جار الله أبي القاسم محمود بن عمر بن محمد بن عمر الخوارزمي الزمخشري. حققته وعلقت حواشيه بهيجة باقر الحسني. قدم له كمال إبراهيم وصفاء خلوسي.</subfield>
  </datafield>
  <datafield tag="880" ind1=" " ind2=" ">
    <subfield code="6">260-03/(3/r</subfield>
    <subfield code="a">بغداد مكتبة الأندلس</subfield>
    <subfield code="c">1969 [يعني 1970]</subfield>
  </datafield>
  <datafield tag="880" ind1="1" ind2=" ">
    <subfield code="6">700-04/(3/r</subfield>
    <subfield code="a">حسني، بهيجة.</subfield>
  </datafield>
  <datafield tag="955" ind1=" " ind2=" ">
    <subfield code="b">0036760064</subfield>
    <subfield code="d">glx</subfield>
    <subfield code="e">PJ6171 .Z3 1970</subfield>
  </datafield>
</record>
</collection>